<record><leader>00000cas a22000007a 4500</leader><controlfield tag="001">35863279</controlfield><controlfield tag="008">961107d190u1911ncuwr ne      0    0eng d</controlfield><datafield ind1=" " ind2=" " tag="010"><subfield code="a">sn 96086035 </subfield></datafield><datafield ind1=" " ind2=" " tag="040"><subfield code="a">NVJ</subfield><subfield code="b">eng</subfield><subfield code="c">NVJ</subfield><subfield code="d">OCLCQ</subfield></datafield><datafield ind1=" " ind2=" " tag="042"><subfield code="a">msc</subfield></datafield><datafield ind1="0" ind2=" " tag="130"><subfield code="a">Weekly sun (New Bern, N.C.)</subfield></datafield><datafield ind1="1" ind2="4" tag="245"><subfield code="a">The weekly sun.</subfield></datafield><datafield ind1=" " ind2=" " tag="260"><subfield code="a">New Bern, N.C. :</subfield><subfield code="b">New Bern Pub. Co.</subfield></datafield><datafield ind1=" " ind2=" " tag="300"><subfield code="a">v.</subfield></datafield><datafield ind1=" " ind2=" " tag="310"><subfield code="a">Weekly</subfield></datafield><datafield ind1="1" ind2=" " tag="362"><subfield code="a">Ceased in 1911.</subfield></datafield><datafield ind1=" " ind2=" " tag="580"><subfield code="a">Daily ed.: Sun (New Bern, N.C.), &lt;1910&gt;-1911.</subfield></datafield><datafield ind1=" " ind2=" " tag="588"><subfield code="a">Description based on: Vol. 2, no. 51 (Jan. 6, 1910).</subfield></datafield><datafield ind1=" " ind2=" " tag="752"><subfield code="a">United States</subfield><subfield code="b">North Carolina</subfield><subfield code="c">Craven</subfield><subfield code="d">New Bern.</subfield></datafield><datafield ind1="1" ind2=" " tag="775"><subfield code="t">Sun (New Bern, N.C.)</subfield><subfield code="w">(DLC)sn 91068536</subfield></datafield><datafield ind1="0" ind2="0" tag="785"><subfield code="t">Semi-weekly sun (New Bern, N.C.)</subfield><subfield code="w">(DLC)sn 92073192</subfield></datafield></record>